% This file was created with JabRef 2.10.
% Encoding: Cp1252


@Article{smith1973The,
  Title                    = {The Logic of Animal Conflict},
  Author                   = {Smith, J Maynard and Price, GR},
  Journal                  = {Nature},
  Year                     = {1973},
  Pages                    = {15},
  Volume                   = {246}
}

