% This file was created with JabRef 2.9.2.
% Encoding: Cp1252

@BOOK{BaOlDNGT,
  title = {Dynamic noncooperative game theory},
  publisher = {SIAM},
  year = {1998},
  author = {Ba{\c{s}}ar, Tamer and Olsder, Geert Jan}
}

@BOOK{JaPTTL,
  title = {Probability theory: The logic of science},
  publisher = {Cambridge university press},
  year = {2003},
  author = {Jaynes, Edwin T}
}

@BOOK{MyGTAO,
  title = {Game theory: Analysis of conflict},
  publisher = {Harvard university press},
  year = {1991},
  author = {Myerson, Roger B}
}

@BOOK{OsRuACIG,
  title = {A course in game theory},
  publisher = {MIT press},
  year = {1994},
  author = {Osborne, Martin J and Rubinstein, Ariel}
}

@BOOK{RuMBR,
  title = {Modeling bounded rationality},
  publisher = {MIT press},
  year = {1998},
  author = {Rubinstein, Ariel}
}

@BOOK{ShLeMSAG,
  title = {Multiagent systems: Algorithmic, game-theoretic, and logical foundations},
  publisher = {Cambridge University Press},
  year = {2008},
  author = {Shoham, Yoav and Leyton-Brown, Kevin}
}

@ARTICLE{SmPrTLOA,
  author = {Smith, J Maynard and Price, GR},
  title = {The Logic of Animal Conflict},
  journal = {Nature},
  year = {1973},
  volume = {246},
  pages = {15}
}

@BOOK{NoED,
  title = {Evolutionary Dynamics: Exploring the Equations of Life},
  publisher = {Harvard University Press},
  year = {2006},
  author = {Nowak, Martin A}
}



@comment{jabref-meta: databaseType:bibtex;}

